@book{thorbjoernsen2014,
	author = "Steen Thorbjørnsen",
	title = "Grundlæggende mål- og integralteori",
	year = "2014",
	isbn = "978-87-7124-508-0",
	publisher = "Aarhus Universitetsforlag",
	pagetotal = "425"
}

@book{rudinrealcomplex,
	author = "Walter Rudin",
	title = "Real and Complex Analysis",
	year = "1986",
	isbn = "0-07-100276-6",
	publisher = "McGraw-Hill",
	pagetotal = "416",
	edition = "3"
}

@book{rudinfunctional,
	author = "Walter Rudin",
	title = "Functional Analysis",
	year = "1991",
	isbn = "0-07-054236-8",
	publisher = "McGraw-Hill",
	pagetotal = "424",
	edition = "2"
}

@book{folland2007,
	author = "Gerald B. Folland",
	title = "Real Analysis: Modern Techniques and Their Applications",
	year = "2007",
	isbn = "0-471-31716-0",
	publisher = "Wiley",
	pagetotal = "386",
	edition = "2"
}


@book{reedsimon1,
	author = "Michael Reed and Barry Simon",
	title = "Methods of Modern Mathematical Physics I: Functional Analysis",
	year = "1980",
	isbn = "0-12-585050-6",
	publisher = "Academic Press",
	pagetotal = "400"
}


@book{reedsimon2,
	author = "Michael Reed and Barry Simon",
	title = "Methods of Modern Mathematical Physics II: Fourier Analysis, Self-Adjointness",
	year = "1975",
	isbn = "0-12-585002-6",
	publisher = "Academic Press",
	pagetotal = "361"
}


@book{schmudgen2012,
	author = "Konrad Schmüdgen",
	title = "Unbounded Self-adjoint Operators on Hilbert Space",
	year = "2012",
	isbn = "978-94-007-4752-4",
	publisher = "Springer",
	pagetotal = "432"
}

@book{hall2013,
	author = "Brian C. Hall",
	title = "Quantum Theory for Mathematicians",
	year = "2013",
	isbn = "978-1-4614-7115-8",
	publisher = "Springer",
	pagetotal = "554"
}


@misc{skibsted2019,
	author = "Erik Skibsted",
	title = "Notes for a course in advanced analysis",
	date = "2019-12-20",
	pagetotal = "124"
}

@misc{skibsted2003,
	author = "Erik Skibsted",
	title = "Spectral theory: Notes for the course Spectral theory, Spring 03",
	year = "2003",
	pagetotal = "21"
}

@book{conway1990,
	author = "John B. Conway",
	title = "A Course in Functional Analysis",
	year = "1990",
	isbn = "0-387-97245-5",
	publisher = "Springer",
	pagetotal = "399",
	edition = "2"
}

@book{grubb2009,
	author = "Gerd Grubb",
	title = "Distributions and Operators",
	year = "2009",
	isbn = "978-0-387-84894-5",
	publisher = "Springer",
	pagetotal = "461",
	edition = "1"
}

@book{liebloss2001,
	author = "Elliott H. Lieb and Michael Loss",
	title = "Analysis",
	year = "2001",
	isbn = "0-8218-2783-9",
	publisher = "American Mathematical Society",
	pagetotal = "346",
	edition = "2"
}

@book{sakurai2011,
	author = "J. J. Sakurai and Jim Napolitano",
	title = "Modern Quantum Mechanics",
	year = "2011",
	isbn = "978-0-8053-8291-4",
	publisher = "Pearson",
	pagetotal = "550",
	edition = "2"
}

@article{vonneumann1930,
    author = "{von} Neumann, John",
    title = "Allgemeine Eigenwerttheorie Hermitescher Funktionaloperatoren",
    journaltitle = "Math. Ann.",
    volume = "102",
    pages = "49--131",
    year = "1930",
    doi = "10.1007/BF01782338"
}

@article{vonneumann1932,
    author = "{von} Neumann, John",
    title = "Über Adjungierte Funktionaloperatoren",
    journaltitle = "Math. Ann.",
    volume = "33",
    number = "2",
    pages = "294--310",
    year = "1932",
    doi = "10.2307/1968331"
}

@article{stone1932a,
    author = "Marshall Stone",
    title = "Linear Transformations in Hilbert Space and Their Applications to Analysis",
    journaltitle = "Amer. Math. Soc. Colloq. Publ.",
    volume = "15",
    year = "1932",
    doi = "10.1038/132084a0"
}

@article{stone1932b,
    author = "Marshall Stone",
    title = "On One-Parameter Unitary Groups in Hilbert Space",
    journaltitle = "Math. Ann.",
    volume = "33",
    number = "3",
    year = "1932",
    pages = "643--648",
    doi = "10.2307/1968538"
}

@article{stone1930,
    author = "Marshall Stone",
    title = "Linear Transformations in Hilbert Space. III. Operational Methods and Group Theory",
    journaltitle = "Proc. Nat. Acad. Sci. U.S.A.",
    volume = "16",
    year = "1930",
    number = "2",
    pages = "172--175",
    doi = "10.2307/85485"
}